@misc{Slowinski2010,
    author = {Steve Slowibski},
    title = {Replacement level},
    year = {2010},
    howpublished = {\url{https://library.fangraphs.com/misc/war/replacement-level/}},
}

@misc{Cameron2013,
    author = {Dave Cameron},
    title = {The Recent Examples of a Replacement Level Player},
    year = {2013},
    howpublished = {\url{https://blogs.fangraphs.com/the-recent-examples-of-a-replacement-level-player/}},
}

@misc{Wilber2019,
    author = {Jared Wilber},
    title = {THE PERMUTATION TEST: A Visual Explanation of Statistical Testing},
    year = {2019},
    howpublished = {\url{https://www.jwilber.me/permutationtest/}},
}

@misc{BlaseballS3Stlats,
    author = {tehstone},
    title = {Aggregated Statistics for Blaseball Season 3},
    year = {2020},
    howpublished = {Google Sheets document, \url{https://docs.google.com/spreadsheets/d/1tGDP50yFYbYYrptcUB-735D75ZOTDxHHV-XC32wUFdc/edit?usp=sharing}}
}

@misc{BlaseballS3Performance,
    author = {no space},
    title = {Season 3 Derived Statistics},
    year = {2020},
    howpublished = {Google Sheets document, \url{https://docs.google.com/spreadsheets/d/1qfMtLywJzgxB8LNzJtFRc05EW73dsT3Dut8RyfB7NxM/edit?usp=sharing}}
    }